%% jcdl 2015 short paper submission references

% from existing
@article{Curry_2011,
    title={Rescue of Old Data Offers Lesson for Particle Physicists},
     volume={331},
	ISSN={1095-9203},
	url={http://dx.doi.org/10.1126/science.331.6018.694},
    DOI={10.1126/science.331.6018.694},
    number={6018},
    journal={Science},
    publisher={American Association for the Advancement of Science (AAAS)},
	author={Curry,A.},
    year={2011},
	month={Feb},
	pages={694–695}},

@online{iedadata,
	title={Integrated Earth Data Applications},
	year={2014},
	url={http://www.iedadata.org},
	urldate={2014-02-10}},

@article{Kaye_2009,
	title={Data sharing in genomics — re-shaping scientific practice},
	volume={10},
	ISSN={1471-0064},
	url={http://dx.doi.org/10.1038/nrg2573},
	DOI={10.1038/nrg2573},
	number={5},
	journal={Nature Reviews Genetics},
	publisher={Nature Publishing Group},
	author={Kaye, Jane and Heeney, Catherine and Hawkins, Naomi and de Vries, Jantina and Boddington,Paula},
	year={2009},
	month={May},
	pages={331–335}},

@article{Overpeck_2011,
	title={Climate Data Challenges in the 21st Century},
	volume={331},
	ISSN={1095-9203},
	url={http://dx.doi.org/10.1126/science.1197869},
	DOI={10.1126/science.1197869},
	number={6018},
	journal={Science},
	publisher={American Association for the Advancement of Science (AAAS)},
	author={Overpeck, J. T. and Meehl, G. A. and Bony, S. and Easterling, D. R.},
	year={2011},
	month={Feb},
	pages={700–702}},

@article{Lunshof_2014,
	title={Raw Personal Data: Providing Access},
	volume={343},
	ISSN={1095-9203},
	url={http://dx.doi.org/10.1126/science.1249382},
	DOI={10.1126/science.1249382},
	number={6169},
	journal={Science},
	publisher={American Association for the Advancement of Science (AAAS)},
	author={Lunshof, J. E. and Church, G. M. and Prainsack, B.},
	year={2014},
	month={Jan},
	pages={373–374}},

@article{Adolph_2012,
	title={Toward Open Behavioral Science},
	volume={23},
	ISSN={1532-7965},
	url={http://dx.doi.org/10.1080/1047840X.2012.705133},
	DOI={10.1080/1047840x.2012.705133},
	number={3},
	journal={Psychological Inquiry},
	publisher={Informa UK Limited},
	author={Adolph, Karen E. and Gilmore, Rick O. and Freeman, Clinton and Sanderson, Penelope and Millman, David},
	year={2012},
	month={Jul},
	pages={244–247}},

@article{King_2011,
	title={Ensuring the Data-Rich Future of the Social Sciences},
	volume={331},
	ISSN={1095-9203},
	url={http://dx.doi.org/10.1126/science.1197872},
	DOI={10.1126/science.1197872},
	number={6018},
	journal={Science},
	publisher={American Association for the Advancement of Science (AAAS)},
	author={King, G.},
	year={2011},
	month={Feb},
	pages={719–721}},

@COMMENT{ Does this reference any of the articles in this publication specifically? }
@misc{APS_2012,
	title={Special Section on Replicability in Psychological Science: A Crisis of Confidence},
	journal={Perspectives on Pyschological Science},
	publisher={Association for Psychological Science},
	year={2012},
	month={Nov},
	volume={7},
	number={6}},

@article{Nosek_2012,
	title={Scientific Utopia: I. Opening Scientific Communication},
	volume={23},
	ISSN={1532-7965},
	url={http://dx.doi.org/10.1080/1047840X.2012.692215},
	DOI={10.1080/1047840x.2012.692215},
	number={3},
	journal={Psychological Inquiry},
	publisher={Informa UK Limited},
	author={Nosek, Brian A. and Bar-Anan, Yoav},
	year={2012},
	month={Jul},
	pages={217–243}},

@article{Nosek_2012,
	title={Scientific Utopia: II. Restructuring Incentives and Practices to Promote Truth Over Publishability},
	volume={7},
	ISSN={1745-6924},
	url={http://dx.doi.org/10.1177/1745691612459058},
	DOI={10.1177/1745691612459058},
	number={6},
	journal={Perspectives on Psychological Science},
	publisher={SAGE Publications},
	author={Nosek, B. A. and Spies, J. R. and Motyl, M.},
	year={2012},
	month={Nov},
	pages={615–631}},

@incollection{MacWhinney_2001,
	title={From CHILDES to TalkBank},
	author={MacWhinney,
	B.},
	editor={Almgren, M. and Barreña, A. and Ezeizaberrena, M. and Idiazabal, I. and MacWhinney, B.},
	booktitle={Research on Child Language Acquisition: Proceedings of the 8th Conference of the International Association for the Study of Child Language},
	year={2001},
	publisher={Cascadilla},
	address={Massachusetts},
	pages={17-34}},

@online{cog_atlas,
	title={Cognitive Atlas},
	year={2014},
	url={http://www.cognitiveatlas.org/},
	urldate={2014-02-10}},

@online{databrary,
	title={Databrary Data Sharing Manifesto},
	year={2014},
	url={http://databrary.org/access/policies/data-sharing-manifesto.html},
	urldate={2014-02-10}},

@online{METS,
	title={XSLT-based Metadata Encoding and Transcription Standards Viewers},
	year={2014},
	url={http://dlib.nyu.edu/metstools/metsviewer/},
	urldate={2014-02-10}},

@online{HCP,
	title={Human Connectome Project},
	year={2014},
	url={http://www.humanconnectomeproject.org},
	urldate={2014-02-10}},

@online{PGP,
	title={Personal Genome Project},
	year={2014},
	url={http://www.personalgenomes.org},
	urldate={2014-02-10}}


% not in previous submission
